@Online{jykdok,
  title =        {JYKDOK international articles},
  year =         {2023},
  url =          {https://jyu.finna.fi/primo},
  urldate =      {2023-02-26}
}

@Online{google-scholar,
  title =        {Google Scholar},
  year =         {2023},
  url =          {http://scholar.google.com},
  urldate =      {2023-02-26}
}

@mastersthesis{thesis-time-tracking,
  author = {Johanna Kaihlavirta},
  title =  {Time tracking in software maintenance service},
  school = {University of Jyväskylä},
  year = {2022},
  url = {https://jyx.jyu.fi/bitstream/handle/123456789/84170/URN%3aNBN%3afi%3ajyu-202212015437.pdf?sequence=1&isAllowed=y}
}
